@book{molitor2013kompaktkurs,
    title     = {{Kompaktkurs VHDL: mit vielen anschaulichen Beispielen}},
    author    = {{Molitor, P. and Ritter, J.}},
    isbn      = {{9783486719659}},
    year      = {{2013}},
    publisher = {{De Gruyter}}
}

@techreport{ni:fpga,
    author = {{National Instruments}},
    institution = {{National Instruments}},
    title  = {{Introduction to FPGA Technology: Top 5 Benefits}},
    year   = {{2012}},
    url    = {{http://www.ni.com/white-paper/6984/en/pdf}},
    note   = {{[Online; accessed 22-March-2016]}}
}

@misc{wiki:fpga,
    author = {{Wikipedia}},
    title  = {{Field-programmable gate array --- Wikipedia{,} The Free Encyclopedia}},
    year   = {{2016}},
    url    = {{https://en.wikipedia.org/w/index.php?title=Field-programmable_gate_array}},
    note   = {{[Online; accessed 22-March-2016]}}
}
